<?xml version="1.0" encoding="UTF-8"?><collection xmlns="http://www.loc.gov/MARC21/slim"><record><leader>00433nam--2200133-i-4500</leader><controlfield tag="001">000027874</controlfield><controlfield tag="002">20161230</controlfield><controlfield tag="005">20161230201037</controlfield><controlfield tag="008">060222s1000------------r-----000-0-eng-d</controlfield><datafield ind1=" " ind2=" " tag="100"><subfield code="a">Lederer, E</subfield></datafield><datafield ind1=" " ind2=" " tag="245"><subfield code="a">Chromatographie een chimie organique et biologique</subfield></datafield><datafield ind1=" " ind2=" " tag="260"><subfield code="a">Paris, Masson Et C-ie Editeurs, 1959, Xi + 671p</subfield></datafield><datafield ind1=" " ind2=" " tag="490"><subfield code="a">Coll.De `Monographies De Chimie Organique`. Complements Au `Traite De Chimie Organique`</subfield></datafield><datafield ind1=" " ind2=" " tag="852"><subfield code="a">11490</subfield></datafield></record></collection>